<?xml version="1.0" encoding="UTF-8"?><record xmlns="http://www.loc.gov/MARC21/slim" xmlns:cinclude="http://apache.org/cocoon/include/1.0" xmlns:zs="http://www.loc.gov/zing/srw/">
  <leader>00843cz  a2200157n  4500</leader>
  <controlfield tag="001">n  86809800 </controlfield>
  <controlfield tag="003">DLC</controlfield>
  <controlfield tag="005">20120810083216.0</controlfield>
  <controlfield tag="008">860226n| acannaabn          |a and      </controlfield>
  <datafield tag="010" ind1=" " ind2=" ">
    <subfield code="a">n  86809800 </subfield>
  </datafield>
  <datafield tag="035" ind1=" " ind2=" ">
    <subfield code="a">(OCoLC)oca01513290</subfield>
  </datafield>
  <datafield tag="040" ind1=" " ind2=" ">
    <subfield code="a">DLC</subfield>
    <subfield code="b">eng</subfield>
    <subfield code="c">DLC</subfield>
    <subfield code="d">DLC</subfield>
    <subfield code="d">OCoLC</subfield>
    <subfield code="d">DLC</subfield>
  </datafield>
  <datafield tag="111" ind1="2" ind2=" ">
    <subfield code="a">Colloquium on Archaeological Surveying in the Mediterranean Area</subfield>
  </datafield>
  <datafield tag="411" ind1="2" ind2=" ">
    <subfield code="a">Archaeological Surveying in the Mediterranean Area, Colloquium on</subfield>
  </datafield>
  <datafield tag="667" ind1=" " ind2=" ">
    <subfield code="a">THIS 1XX FIELD CANNOT BE USED UNDER RDA UNTIL THIS RECORD HAS BEEN REVIEWED AND/OR UPDATED</subfield>
  </datafield>
  <datafield tag="670" ind1=" " ind2=" ">
    <subfield code="a">nuc86-17235: Archaeological survey in the Mediterranean area, 1983</subfield>
    <subfield code="b">(hdg. on KU rept.: Colloquium on Archaeological Surveying in the Mediterranean Area (1981 : Hellenic American Union); usage: Colloquium on Archaeological Surveying in the Mediterranean Area, 1981, at the Hellenic American Union)</subfield>
  </datafield>
</record>